@book{wohlin12,
  Title                    = "Experimentation in Software Engineering - An Introduction",
  Author                   = "Wohlin, C. and Runeson, P. and {H\"ost}, M. and Ohlsson, M.C. and Regnell, B. and {Wessl\'en}, A.",
  Publisher                = "Kluwer Academic Publishers",
  Year                     = "2012", 
  Keywords                 = "Empirical software engineering"
}
@online{ADR,
    author = "Auditdienst Rijk",
    title = "Onderzoek naar het Burgerservicenummer",
    url  = "https://www.rijksoverheid.nl/binaries/rijksoverheid/documenten/rapporten/2020/07/27/onderzoeksrapport-onderzoek-naar-het-burgerservicenummer/Onderzoek+naar+het+Burgerservicenummer+en+management+reactie.pdf",
    addendum = "(accessed: 06.11.2021)",
    keywords = "BSN,Rijksoverheid,ADR"
}
@online{BRP,
    author = "Rijksoverheid",
    title = "Registering in the Basisregistratie Personen (BRP)",
    url  = "https://www.government.nl/topics/personal-data/personal-records-database-brp/registering-in-the-basisregistratie-personen---brp",
    addendum = "(accessed: 28.01.2022)",
    keywords = "BSN,Rijksoverheid,BRP"
}
@online{BAG,
    author = "Rijksoverheid",
    organization = "Rijksoverheid - ICTU",
    title = "Nederlandse Overheid Referentie Architectuur (NORA) - Basisadministratie gebouwen (BAG)",
    url  = "https://www.noraonline.nl/wiki/BAG_(Basisregistratie_Adressen_en_Gebouwen)",
    addendum = "(accessed: 29.01.2022)",
    keywords = "BAG,Rijksoverheid, NORA"
}
@inproceedings{Blandford2016QualitativeHR,
  title={Qualitative HCI Research: Going Behind the Scenes},
  author={Ann Blandford and Dominic Furniss and Stephann Makri},
  booktitle={Synthesis Lectures on Human-Centered Informatics},
  year={2016}
}
@article{97408536fd1c4f4e9d1615b7a4a4473e,
title = "Describing Identity Fraud: Towards a Common Definition",
author = "{de Vries}, U.M.R.T. and H. Tigchelaar and {van der Linden-Smith}, T.",
year = "2008",
language = "English",
volume = "5",
pages = "482--500",
journal = "ScriptED",
issn = "1744-2567",
publisher = "University of Edinburgh{\textquoteright}s School of Law",
number = "3",
}
@inproceedings{Vries2007IdentiteitsfraudeEA,
  title={Identiteitsfraude: een afbakening : Een internationale begripsvergelijking en analyse van nationale strafbepalingen},
  author={U.R.M.Th. de Vries and H. Tigchelaar and M. V. D. Linden and A. Hol},
  year={2007}
}
@online{DO_agenda,
    author = "Digitale Overheid",
    title = "Agenda Digitale Overheid",
    url  = "https://www.nldigitalgovernment.nl/digital-government-agenda/",
    addendum = "(accessed: 16.11.2021)",
    keywords = "Digitale Overheid,Rijksoverheid,fundamental rights, public values"
}
@online{WorldBank_UIN,
    author = "World Bank",
    title = "Practitioner's Guide - Unique ID Numbers",
    url  = "https://id4d.worldbank.org/guide/unique-id-numbers",
    addendum = "(accessed: 16.11.2021)",
    keywords = "UIN, ID"
}
@conference{WorldBank_protecting,
    author = "World Bank",
    title = "Protecting and leveraging unique identities",
    date = "26.04.2021",
    keywords = "UIN, ID"
}
@online{WorldBank_tokens,
    author = "World Bank",
    title = "Practitioner's Guide - Tokenization",
    url  = "https://id4d.worldbank.org/guide/tokenization",
    addendum = "(accessed: 16.11.2021)",
    keywords = "UIN, ID, tokenization"
}
@online{CBS_DigitaleVeiligheid,
    author = "CBS",
    title = "Digitale Veiligheid \& Criminaliteit 2018",
    url  = "https://www.cbs.nl/-/media/_pdf/2019/29/veiligheid-en-criminaliteit.pdf",
    addendum = "(accessed: 16.11.2021)",
    keywords = "Digital security, Identity Fraud"
}
@online{CBS_casualtiesDigitalCrime,
    author = "CBS",
    title = "Digitale Veiligheid \& Criminaliteit 2018",
    url  = "https://www.cbs.nl/nl-nl/nieuws/2019/29/1-2-miljoen-slachtoffers-van-digitale-criminaliteit",
    addendum = "(accessed: 16.11.2021)",
    keywords = "Digital security, Identity Fraud"
}
@online{GDPR,
    title = "2018 reform of EU data protection rules",
    url = "https://eur-lex.europa.eu/legal-content/EN/TXT/HTML/?uri=CELEX:02016R0679-20160504&from=NL",
    organization = "European Commission",
    addendum = "(accessed: 15.09.2021)",
    keywords = "AVG, Privacy"
}
@article{Peters2020AnI2,
  title={An ISO 25010 Based Quality Model for ERP Systems},
  author={Emmanuel Sean Peters and George Kwamina Aggrey},
  journal={Advances in Science, Technology and Engineering Systems Journal},
  year={2020},
  volume={5},
  pages={578-583}
}
@article{VerheuleID,
  title={The polymorphic eID scheme},
  author={Eric R. Verheul},
  year={2019},
  biburl ="https://www.cs.ru.nl/E.Verheul/papers/eID2.0/eID%20PEP%201.29.pdf",
keywords = {federative eID scheme, homomorphic encryption, pseudonyms, privacy enhanced technology}
}
@article{Hovorushchenko2018MethodologyOE,
  title={Methodology of Evaluating the Sufficiency of Information for Software Quality Assessment According to ISO 25010},
  author={Tetiana Hovorushchenko},
  journal={Journal of information and organizational sciences},
  year={2018}
}
@inproceedings{Bass2015SoftwareAI,
  title={Software architecture in practice (Third Edition},
  author={Leonard J. Bass and Paul C. Clements and Rick Kazman},
  booktitle={SEI series in software engineering},
  year={2015}
}
@inproceedings{Svahnberg2002ConsensusBW,
  title={Consensus Building when Comparing Software Architectures},
  author={Mikael Svahnberg and Claes Wohlin},
  booktitle={PROFES},
  year={2002}
}
@book{ISO9126,
  added-at = {2014-07-08T11:07:29.000+0200},
  author = {ISO/IEC},
  biburl = {https://www.bibsonomy.org/bibtex/2a7b775cd08a9182a7b88d5ca68657a4a/andiv},
  interhash = {ef6f58a2241715facdfa7424be170ea3},
  intrahash = {a7b775cd08a9182a7b88d5ca68657a4a},
  keywords = {ISO functional non},
  publisher = {ISO/IEC},
  timestamp = {2014-07-08T11:07:50.000+0200},
  title = {ISO/IEC 9126. Software engineering -- Product quality},
  year = 2001
}
@article{Haoues2017AGF,
  title={A guideline for software architecture selection based on ISO 25010 quality related characteristics},
  author={Mariem Haoues and Asma Sellami and Han{\^e}ne Ben-Abdallah and Laila Cheikhi},
  journal={International Journal of System Assurance Engineering and Management},
  year={2017},
  volume={8},
  pages={886-909}
}
@article{YANG2020102050,
title = {A zero-knowledge-proof-based digital identity management scheme in blockchain},
journal = {Computers \& Security},
volume = {99},
pages = {102050},
year = {2020},
issn = {0167-4048},
doi = {https://doi.org/10.1016/j.cose.2020.102050},
url = {https://www.sciencedirect.com/science/article/pii/S0167404820303230},
author = {Xiaohui Yang and Wenjie Li},
keywords = {Blockchain, Zero-knowledge proof, Smart contract, Digital identity, Privacy protection},
}
@online{NORA_TLS,
    title = {Nederlandse Overheid Referentie Architectuur (NORA)-TLS},
    url = {https://www.noraonline.nl/wiki/TLS},
    organization = {ICTU},
    addendum = "(accessed: 16.09.2021)",
    keywords = "TLS, NORA"
}
@online{NORA,
    title = {Nederlandse Overheid Referentie Architectuur (NORA)},
    url = {https://www.noraonline.nl/wiki/NORA_online},
    organization = {Rijksoverheid - ICTU},
    addendum = "(accessed: 16.09.2021)",
    keywords = "NORA"
}
@online{NORA_PasToeOfLegUit,
    title = {Nederlandse Overheid Referentie Architectuur (NORA) Pas toe of leg uit},
    url = {https://www.noraonline.nl/wiki/Lijst_Open_Standaarden_voor_Pas_Toe_of_Leg_Uit},
    organization = {Rijksoverheid - ICTU},
    addendum = "(accessed: 16.09.2021)",
    keywords = "NORA, Pas toe of leg uit"
}
@online{Logius_PKIO,
    title = {PKI Overheid certificaten},
    url = {https://www.logius.nl/diensten/pkioverheid/hoe-werkt-het},
    organization = {Rijksoverheid - Logius},
    addendum = "(accessed: 21.11.2021)",
    keywords = "Logius, PKIO, PKI, cerfticates"
}
@online{Action_fraud,
    title = {Action Fraud - needed personal data to commit fraud},
    url = {https://www.actionfraud.police.uk/a-z-of-fraud/identity-fraud-and-identity-theft},
    organization = {Action fraud UK},
    addendum = "(accessed: 21.11.2021)",
    keywords = "Action fraud, Identity fraud"
}
@online{GGD_databreach,
    title = {News article data breach GGD},
    url = {https://autoriteitpersoonsgegevens.nl/nl/nieuws/ap-eist-opheldering-van-ggd},
    organization = {AP},
    addendum = "(accessed: 21.11.2021)",
    keywords = "AP, GGD, Datalek, Databreach"
}
@online{Booking_databreach,
    title = {News article data breach Booking.com},
    url = {https://nos.nl/artikel/2405154-hacker-brak-in-bij-booking-hotelwebsite-meldde-datalek-niet-bij-autoriteiten},
    organization = {NOS},
    addendum = "(accessed: 21.11.2021)",
    keywords = "NOS, Booking.com, Datalek, Databreach"
}
@online{ZKProof,
    title = {Official resources page of the ZKProof Standardization effort},
    url = {https://docs.zkproof.org/},
    organization = {ZKProof Resources},
    addendum = "(accessed: 20.11.2021)",
    keywords = "ZKP, Standards"
}
@report{2019:zkproof:community-reference-0.2,
author = {ZKProof},
title = {ZKProof Community Reference},
subtitle = {Version 0.2},
year = {2019},
month = {December},
publisher = {zkproof.org},
editor = {Benarroch, Daniel and Brandão, Luís T. A. N. and Tromer, Eran},
license = {Creative Commons Attribution 4.0 International},
key = {ZKP},
addendum = {Updated versions at https://zkproof.org}
}
@article{Goldwasser,
author = "S. Goldwasser S. Micali and C. Rackoff",
title = {“The Knowledge Complexity of Interactive
Proof Systems”},
journal = {SIAM Journal on Computing},
volume = {18.1},
pages = {186-208},
year  = {1989},
publisher = {Society for Industrial and Applied Mathematics},
doi = "https://doi.org/10.1137/0218012"
}
@article{Gourdriaan_etal,
author = {Heike   Goudriaan  and  James P.   Lynch  and  Paul   Nieuwbeerta},
title = {Reporting to the police in western nations: A theoretical analysis of the effects of social context},
journal = {Justice Quarterly},
volume = {21},
number = {4},
pages = {933-969},
year  = {2004},
publisher = {Routledge},
doi = {10.1080/07418820400096041},
}
